@article{Attanasio2020,
  title={Inequality in socio-emotional skills: A cross-cohort comparison},
  author={Attanasio, Orazio and Blundell, Richard and Conti, Gabriella and Mason, Giacomo},
  journal={Journal of Public Economics},
  volume={191},
  pages={104171},
  year={2020}
}

@article{Avanesian2022,
  title={Can we improve learning outcomes of schoolchildren from the poorest families by investing into their non-cognitive skills? Causal analysis using propensity score matching},
  author={Avanesian, Garen and Borovskaya, Marina and Ryzhova, Victoria and Kirik, Vladimir and Egorova, Valeriya and Bermous, Alexander},
  journal={Educational Studies Moscow},
  number={1 (eng)},
  pages={13-53},
  year={2022}
}

@article{Boman2023,
  title={The influence of SES, cognitive, and non-cognitive abilities on grades: cross-sectional and longitudinal evidence from two Swedish cohorts},
  author={Boman, Brittany},
  journal={European Journal of Psychology of Education},
  volume={38},
  number={2},
  pages={587-603},
  year={2023}
}

@article{Borghans2008,
  title={The economics and psychology of personality traits},
  author={Borghans, Lex and Duckworth, Angela Lee and Heckman, James J and Ter Weel, Bas},
  journal={Journal of Human Resources},
  volume={43},
  number={4},
  pages={972-1059},
  year={2008}
}

@article{Bratko2006,
  title={Personality and school performance: incremental validity of self- and peer-rating over intelligence},
  author={Bratko, Denis and Chamorro-Premuzic, Tomas and Saks, Zrinka},
  journal={Personality and Individual Differences},
  volume={41},
  number={1},
  pages={131-142},
  year={2006}
}

@article{ChamorroPremuzic2003,
  title={Personality predicts academic performance: Evidence from two longitudinal university samples},
  author={Chamorro-Premuzic, Tomas and Furnham, Adrian},
  journal={Journal of Research in Personality},
  volume={37},
  number={4},
  pages={319-338},
  year={2003}
}

@article{Conard2006,
  title={Aptitude is not enough: How personality and behavior predict academic performance},
  author={Conard, Michael A},
  journal={Journal of Research in Personality},
  volume={40},
  number={3},
  pages={339-346},
  year={2006}
}

@article{Cunha2007,
  title={The technology of skill formation},
  author={Cunha, Flavio and Heckman, James J},
  journal={American Economic Review},
  volume={97},
  number={2},
  pages={31-47},
  year={2007}
}

@article{Cunha2008,
  title={Formulating, identifying and estimating the technology of cognitive and noncognitive skill formation},
  author={Cunha, Flavio and Heckman, James J},
  journal={Journal of Human Resources},
  volume={43},
  number={4},
  pages={738-782},
  year={2008}
}

@techreport{Dahmann2018,
  title={Cross-fertilizing gains or crowding out? Schooling intensity and noncognitive skills},
  author={Dahmann, Sarah C and Anger, Silke},
  year={2018},
  institution={No. 2018-065}
}

@article{DeRaad1996,
  title={Personality in learning and education: A review},
  author={De Raad, Boele and Schouwenburg, Henri C},
  journal={European Journal of Personality},
  volume={10},
  number={5},
  pages={303-336},
  year={1996}
}

@article{Ditton2019,
  title={Structural and motivational mechanisms of academic achievement: a mediation model of social‐background effects on academic achievement},
  author={Ditton, Hartmut and Bayer, Michael and Wohlkinger, Florian},
  journal={The British Journal of Sociology},
  volume={70},
  number={4},
  pages={1276-1296},
  year={2019}
}

@article{Edwards2022,
  title={First-in-their-family students at university: Can non-cognitive skills compensate for social origin?},
  author={Edwards, Rosalind and Gibson, Mark and Harmon, Colm and Schurer, Stefanie},
  journal={Economics of Education Review},
  volume={91},
  pages={102318},
  year={2022}
}

@article{Elkins2020,
  title={Exploring the role of parental engagement in non-cognitive skill development over the lifecourse},
  author={Elkins, Rebecca and Schurer, Stefanie},
  journal={Journal of Population Economics},
  volume={33},
  number={3},
  pages={957-1004},
  year={2020}
}

@article{Erikson2016,
  title={Is it enough to be bright? Parental background, cognitive ability and educational attainment},
  author={Erikson, Robert},
  journal={European Societies},
  volume={18},
  number={2},
  pages={117-135},
  year={2016}
}

@article{Feng2022,
  title={Comparing the reliability and predictive power of child, teacher, and guardian reports of noncognitive skills},
  author={Feng, Sha and Han, Yu and Heckman, James J and Kautz, Tim},
  journal={Proceedings of the National Academy of Sciences},
  volume={119},
  number={6},
  pages={e2113992119},
  year={2022}
}

@article{Fletcher2016,
  title={The importance of family income in the formation and evolution of non-cognitive skills in childhood},
  author={Fletcher, Jason M and Wolfe, Barbara},
  journal={Economics of Education Review},
  volume={54},
  pages={143-154},
  year={2016}
}

@article{GilHernandez2021,
  title={The (unequal) interplay between cognitive and noncognitive skills in early educational attainment},
  author={Gil-Hernández, Carlos Javier},
  journal={American Behavioral Scientist},
  volume={65},
  number={11},
  pages={1577-1598},
  year={2021}
}

@article{Heaven2012,
  title={When IQ is not everything: Intelligence, personality and academic performance at school},
  author={Heaven, Patrick C L and Ciarrochi, Joseph},
  journal={Personality and Individual Differences},
  volume={53},
  number={4},
  pages={518-522},
  year={2012}
}

@misc{Heckman2013,
  title={Fostering and measuring skills: Interventions that improve character and cognition},
  author={Heckman, James J and Kautz, Tim},
  year={2013}
}

@article{Heckman2014,
  title={The economics of human development and social mobility},
  author={Heckman, James J and Mosso, Stefano},
  journal={Annual Review of Economics},
  volume={6},
  number={1},
  pages={689-733},
  year={2014}
}

@article{Heckman2006,
  title={The effects of cognitive and noncognitive abilities on labor market outcomes and social behavior},
  author={Heckman, James J and Stixrud, Jora and Urzua, Sergio},
  journal={Journal of Labor Economics},
  volume={24},
  number={3},
  pages={411-482},
  year={2006}
}

@article{Heckman2000,
  title={Policies to foster human capital},
  author={Heckman, James J},
  journal={Research in Economics},
  volume={54},
  number={1},
  pages={3-56},
  year={2000}
}

@article{Hindman2010,
  title={Ecological contexts and early learning: Contributions of child, family, and classroom factors during Head Start, to literacy and mathematics growth through first grade},
  author={Hindman, Annemarie H and Skibbe, Lori E and Miller, Alison and Zimmerman, Marc},
  journal={Early Childhood Research Quarterly},
  volume={25},
  number={2},
  pages={235-250},
  year={2010}
}

@book{Jackson2013,
  title={Determined to succeed?: performance versus choice in educational attainment},
  editor={Jackson, Michelle},
  publisher={Stanford University Press},
  year={2013}
}

@article{Kline1971,
  title={Extraversion, neuroticism and performance in a psychology examination},
  author={Kline, Paul and Gale, Antony},
  journal={British Journal of Educational Psychology},
  volume={41},
  number={1},
  pages={90-94},
  year={1971}
}

@article{Komarraju2011,
  title={The Big Five personality traits, learning styles, and academic achievement},
  author={Komarraju, Meera and Karau, Steven J and Schmeck, Ronald R and Avdic, Amela},
  journal={Personality and Individual Differences},
  volume={51},
  number={4},
  pages={472-477},
  year={2011}
}

@article{Korthals2022,
  title={Track placement and the development of cognitive and non-cognitive skills},
  author={Korthals, Roxanne and Schils, Trudie and Borghans, Lex},
  journal={Education Economics},
  volume={30},
  number={5},
  pages={540-559},
  year={2022}
}

@article{Liu2020,
  title={Non-Cognitive skills and the growing achievement Gap},
  author={Liu, Amy},
  journal={Research in Social Stratification and Mobility},
  volume={69},
  pages={100546},
  year={2020}
}

@article{Lundberg2013,
  title={The college type: Personality and educational inequality},
  author={Lundberg, Shelly},
  journal={Journal of Labor Economics},
  volume={31},
  number={3},
  pages={421-441},
  year={2013}
}

@article{Marks2016,
  title={The relative effects of socio-economic, demographic, non-cognitive and cognitive influences on student achievement in Australia},
  author={Marks, Gary N},
  journal={Learning and Individual Differences},
  volume={49},
  pages={1-10},
  year={2016}
}

@article{McCrae1992,
  title={An introduction to the five‐factor model and its applications},
  author={McCrae, Robert R and John, Oliver P},
  journal={Journal of Personality},
  volume={60},
  number={2},
  pages={175-215},
  year={1992}
}

@article{Mishkevich2021,
  title={Взаимосвязь личностных особенностей и учебной успеваемости старшеклассников},
  author={Мишкевич, Александр Михайлович},
  journal={Психолого-педагогические исследования},
  volume={13},
  number={1},
  pages={101-116},
  year={2021}
}

@article{Morris2021,
  title={Consistency of noncognitive skills and their relation to educational outcomes in a UK cohort},
  author={Morris, Tim T and Davey Smith, George and van Den Berg, Gerard and Davies, Neil M},
  journal={Translational Psychiatry},
  volume={11},
  number={1},
  pages={563},
  year={2021}
}

@article{Noftle2007,
  title={Personality predictors of academic outcomes: big five correlates of GPA and SAT scores},
  author={Noftle, Erik E and Robins, Richard W},
  journal={Journal of Personality and Social Psychology},
  volume={93},
  number={1},
  pages={116},
  year={2007}
}

@article{Nye2013,
  title={Big five personality traits and academic performance in Russian universities},
  author={Nye, John V C and Orel, Ekaterina and Kochergina, Evgeniya},
  journal={Higher School of Economics Research Paper No. WP BRP},
  volume={10},
  year={2013}
}

@article{OConnor2007,
  title={Big Five personality predictors of post-secondary academic performance},
  author={O'Connor, Michael C and Paunonen, Sampo V},
  journal={Personality and Individual Differences},
  volume={43},
  number={5},
  pages={971-990},
  year={2007}
}

@article{Orel2018,
  title={Developmental patterns of cognitive and non-cognitive skills of Russian first-graders},
  author={Orel, Ekaterina and Brun, Irina and Kardanova, Elena and Antipkina, Inna},
  journal={International Journal of Early Childhood},
  volume={50},
  pages={297-314},
  year={2018}
}

@article{Poropat2009,
  title={A meta-analysis of the five-factor model of personality and academic performance},
  author={Poropat, Arthur E},
  journal={Psychological Bulletin},
  volume={135},
  number={2},
  pages={322},
  year={2009}
}

@article{Poropat2014,
  title={Other-rated personality and academic performance: Evidence and implications},
  author={Poropat, Arthur E},
  journal={Learning and Individual Differences},
  volume={34},
  pages={24-32},
  year={2014}
}

@article{Reardon2016,
  title={Recent trends in income, racial, and ethnic school readiness gaps at kindergarten entry},
  author={Reardon, Sean F and Portilla, Ximena A},
  journal={Aera Open},
  volume={2},
  number={3},
  pages={2332858416657343},
  year={2016}
}

@article{Richardson2012,
  title={Psychological correlates of university students' academic performance: a systematic review and meta-analysis},
  author={Richardson, Michelle and Abraham, Charles and Bond, Rod},
  journal={Psychological Bulletin},
  volume={138},
  number={2},
  pages={353},
  year={2012}
}

@article{Rosander2014,
  title={Personality traits measured at baseline can predict academic performance in upper secondary school three years later},
  author={Rosander, Pia and Bäckström, Martin},
  journal={Scandinavian Journal of Psychology},
  volume={55},
  number={6},
  pages={611-618},
  year={2014}
}

@article{Rosander2011,
  title={Personality traits and general intelligence as predictors of academic performance: A structural equation modelling approach},
  author={Rosander, Pia and Bäckström, Martin and Stenberg, Georg},
  journal={Learning and Individual Differences},
  volume={21},
  number={5},
  pages={590-596},
  year={2011}
}

@article{Shanahan2014,
  title={Personality and the reproduction of social class},
  author={Shanahan, Michael J and Bauldry, Shawn and Roberts, Brent W and Macmillan, Ross and Russo, Rosemary},
  journal={Social Forces},
  volume={93},
  number={1},
  pages={209-240},
  year={2014}
}

@article{SmrtnikVitulic2013,
  title={Robust and specific personality traits as predictors of adolescents’ final grades and GPA at the end of compulsory schooling},
  author={Smrtnik Vitulić, Helena and Zupančič, Maja},
  journal={European Journal of Psychology of Education},
  volume={28},
  pages={1181-1199},
  year={2013}
}

@article{West2016,
  title={Promise and paradox: Measuring students’ non-cognitive skills and the impact of schooling},
  author={West, Martin R and Kraft, Matthew A and Finn, Amy S and Martin, Rebecca E and Duckworth, Angela L and Gabrieli, Christopher F O and Gabrieli, John D E},
  journal={Educational Evaluation and Policy Analysis},
  volume={38},
  number={1},
  pages={148-170},
  year={2016}
}

@article{Zamarro2019,
  title={When students don’t care: Reexamining international differences in achievement and student effort},
  author={Zamarro, Gema and Hitt, Collin and Mendez, Ildefonso},
  journal={Journal of Human Capital},
  volume={13},
  number={4},
  pages={519-552},
  year={2019}
}
