
@article{erikson2016,
	title = {Is it enough to be bright? Parental background, cognitive ability and educational attainment},
	author = {Erikson, Robert},
	year = {2016},
	month = {02},
	date = {2016-02-10},
	journal = {European Societies},
	pages = {117--135},
	volume = {18},
	number = {2},
	doi = {10.1080/14616696.2016.1141306},
	url = {http://dx.doi.org/10.1080/14616696.2016.1141306},
	langid = {en}
}

@article{ditton2018,
	title = {Structural and motivational mechanisms of academic achievement: a mediation model of social{-}background effects on academic achievement},
	author = {Ditton, Hartmut and Bayer, Michael and Wohlkinger, Florian},
	year = {2018},
	month = {10},
	date = {2018-10-17},
	journal = {The British Journal of Sociology},
	pages = {1276--1296},
	volume = {70},
	number = {4},
	doi = {10.1111/1468-4446.12506},
	url = {http://dx.doi.org/10.1111/1468-4446.12506},
	langid = {en}
}

@article{reardon2016,
	title = {Recent Trends in Income, Racial, and Ethnic School Readiness Gaps at Kindergarten Entry},
	author = {Reardon, Sean F. and Portilla, Ximena A.},
	year = {2016},
	month = {07},
	date = {2016-07},
	journal = {AERA Open},
	pages = {233285841665734},
	volume = {2},
	number = {3},
	doi = {10.1177/2332858416657343},
	url = {http://dx.doi.org/10.1177/2332858416657343},
	langid = {en}
}

@article{vonstumm2017,
	title = {Socioeconomic status amplifies the achievement gap throughout compulsory education independent of intelligence},
	author = {von Stumm, Sophie},
	year = {2017},
	month = {01},
	date = {2017-01},
	journal = {Intelligence},
	pages = {57--62},
	volume = {60},
	doi = {10.1016/j.intell.2016.11.006},
	url = {http://dx.doi.org/10.1016/j.intell.2016.11.006},
	langid = {en}
}

@article{gil-hernández2021,
	title = {The (Unequal) Interplay Between Cognitive and Noncognitive Skills in Early Educational Attainment},
	author = {{Gil-Hernández}, Carlos J.},
	year = {2021},
	month = {03},
	date = {2021-03-03},
	journal = {American Behavioral Scientist},
	pages = {1577--1598},
	volume = {65},
	number = {11},
	doi = {10.1177/0002764221996764},
	url = {http://dx.doi.org/10.1177/0002764221996764},
	langid = {en}
}

@article{heckman2000,
	title = {Policies to foster human capital},
	author = {Heckman, James J},
	year = {2000},
	month = {03},
	date = {2000-03},
	journal = {Research in Economics},
	pages = {3--56},
	volume = {54},
	number = {1},
	doi = {10.1006/reec.1999.0225},
	url = {http://dx.doi.org/10.1006/reec.1999.0225},
	langid = {en}
}

@techreport{heckman2006,
	title = {The Effects of Cognitive and Noncognitive Abilities on Labor Market Outcomes and Social Behavior},
	author = {Heckman, James and Stixrud, Jora and Urzua, Sergio},
	year = {2006},
	month = {02},
	date = {2006-02},
	doi = {10.3386/w12006},
	url = {http://dx.doi.org/10.3386/w12006}
}

@article{liu2020,
	title = {Non-Cognitive skills and the growing achievement Gap},
	author = {Liu, Airan},
	year = {2020},
	month = {10},
	date = {2020-10},
	journal = {Research in Social Stratification and Mobility},
	pages = {100546},
	volume = {69},
	doi = {10.1016/j.rssm.2020.100546},
	url = {http://dx.doi.org/10.1016/j.rssm.2020.100546},
	langid = {en}
}

@techreport{cunha2007,
	title = {The Technology of Skill Formation},
	author = {Cunha, Flavio and Heckman, James},
	year = {2007},
	month = {01},
	date = {2007-01},
	doi = {10.3386/w12840},
	url = {http://dx.doi.org/10.3386/w12840}
}

@article{cunha2008,
	title = {Formulating, Identifying and Estimating the Technology of Cognitive and Noncognitive Skill Formation},
	author = {Cunha, Flavio and Heckman, James J.},
	year = {2008},
	date = {2008},
	journal = {Journal of Human Resources},
	pages = {738--782},
	volume = {43},
	number = {4},
	doi = {10.1353/jhr.2008.0019},
	url = {http://dx.doi.org/10.1353/jhr.2008.0019},
	langid = {en}
}

@article{hindman2010,
	title = {Ecological contexts and early learning: Contributions of child, family, and classroom factors during Head Start, to literacy and mathematics growth through first grade},
	author = {Hindman, Annemarie H. and Skibbe, Lori E. and Miller, Alison and Zimmerman, Marc},
	year = {2010},
	month = {04},
	date = {2010-04},
	journal = {Early Childhood Research Quarterly},
	pages = {235--250},
	volume = {25},
	number = {2},
	doi = {10.1016/j.ecresq.2009.11.003},
	url = {http://dx.doi.org/10.1016/j.ecresq.2009.11.003},
	langid = {en}
}

@techreport{heckman2013,
	title = {Fostering and Measuring Skills: Interventions That Improve Character and Cognition},
	author = {Heckman, James and Kautz, Tim},
	year = {2013},
	month = {11},
	date = {2013-11},
	doi = {10.3386/w19656},
	url = {http://dx.doi.org/10.3386/w19656}
}

@article{lundberg2013a,
	title = {The College Type: Personality and Educational Inequality},
	author = {Lundberg, Shelly},
	year = {2013},
	month = {07},
	date = {2013-07},
	journal = {Journal of Labor Economics},
	pages = {421--441},
	volume = {31},
	number = {3},
	doi = {10.1086/671056},
	url = {http://dx.doi.org/10.1086/671056},
	langid = {en}
}

@article{poropat2009,
	title = {A meta-analysis of the five-factor model of personality and academic performance.},
	author = {Poropat, Arthur E.},
	year = {2009},
	month = {03},
	date = {2009-03},
	journal = {Psychological Bulletin},
	pages = {322--338},
	volume = {135},
	number = {2},
	doi = {10.1037/a0014996},
	url = {http://dx.doi.org/10.1037/a0014996},
	langid = {en}
}

@article{deraad1996b,
	title = {Personality in learning and education: a review},
	author = {De Raad, Boele and Schouwenburg, Henri C.},
	year = {1996},
	month = {12},
	date = {1996-12},
	journal = {European Journal of Personality},
	pages = {303--336},
	volume = {10},
	number = {5},
	doi = {10.1002/(sici)1099-0984(199612)10:5<303::aid-per262>3.0.co;2-2},
	url = {http://dx.doi.org/10.1002/(sici)1099-0984(199612)10:5<303::aid-per262>3.0.co;2-2},
	langid = {en}
}

@article{rosander2011,
	title = {Personality traits and general intelligence as predictors of academic performance: A structural equation modelling approach},
	author = {Rosander, Pia and {Bäckström}, Martin and Stenberg, Georg},
	year = {2011},
	month = {10},
	date = {2011-10},
	journal = {Learning and Individual Differences},
	pages = {590--596},
	volume = {21},
	number = {5},
	doi = {10.1016/j.lindif.2011.04.004},
	url = {http://dx.doi.org/10.1016/j.lindif.2011.04.004},
	langid = {en}
}



@article{bates2015,
	title = {Fitting Linear Mixed-Effects Models Using lme4},
	author = {Bates, Douglas and {Mächler}, Martin and Bolker, Ben and Walker, Steve},
	year = {2015},
	date = {2015},
	journal = {Journal of Statistical Software},
	volume = {67},
	number = {1},
	doi = {10.18637/jss.v067.i01},
	url = {http://dx.doi.org/10.18637/jss.v067.i01},
	langid = {en}
}

@article{kline1971,
	title = {EXTRAVERSION, NEUROTICISM AND PERFORMANCE IN A PSYCHOLOGY EXAMINATION},
	author = {Kline, P. and Gale, A.},
	year = {1971},
	month = {02},
	date = {1971-02},
	journal = {British Journal of Educational Psychology},
	pages = {90--94},
	volume = {41},
	number = {1},
	doi = {10.1111/j.2044-8279.1971.tb00662.x},
	url = {http://dx.doi.org/10.1111/j.2044-8279.1971.tb00662.x},
	langid = {en}
}

@article{mccrae1992,
	title = {An Introduction to the Five{-}Factor Model and Its Applications},
	author = {McCrae, Robert R. and John, Oliver P.},
	year = {1992},
	month = {06},
	date = {1992-06},
	journal = {Journal of Personality},
	pages = {175--215},
	volume = {60},
	number = {2},
	doi = {10.1111/j.1467-6494.1992.tb00970.x},
	url = {http://dx.doi.org/10.1111/j.1467-6494.1992.tb00970.x},
	langid = {en}
}

@article{oconnor2007,
	title = {Big Five personality predictors of post-secondary academic performance},
	author = {{O{\textquoteright}Connor}, Melissa C. and Paunonen, Sampo V.},
	year = {2007},
	month = {10},
	date = {2007-10},
	journal = {Personality and Individual Differences},
	pages = {971--990},
	volume = {43},
	number = {5},
	doi = {10.1016/j.paid.2007.03.017},
	url = {http://dx.doi.org/10.1016/j.paid.2007.03.017},
	langid = {en}
}

@article{bratko2006,
	title = {Personality and school performance: Incremental validity of self- and peer-ratings over intelligence},
	author = {Bratko, Denis and Chamorro-Premuzic, Tomas and Saks, Zrnka},
	year = {2006},
	month = {07},
	date = {2006-07},
	journal = {Personality and Individual Differences},
	pages = {131--142},
	volume = {41},
	number = {1},
	doi = {10.1016/j.paid.2005.12.015},
	url = {http://dx.doi.org/10.1016/j.paid.2005.12.015},
	langid = {en}
}

@article{zamarro2019,
	title = {When Students Don{\textquoteright}t Care: Reexamining International Differences in Achievement and Student Effort},
	author = {Zamarro, Gema and Hitt, Collin and Mendez, Ildefonso},
	year = {2019},
	month = {12},
	date = {2019-12},
	journal = {Journal of Human Capital},
	pages = {519--552},
	volume = {13},
	number = {4},
	doi = {10.1086/705799},
	url = {http://dx.doi.org/10.1086/705799},
	langid = {en}
}

@article{conard2006,
	title = {Aptitude is not enough: How personality and behavior predict academic performance},
	author = {Conard, Maureen A.},
	year = {2006},
	month = {06},
	date = {2006-06},
	journal = {Journal of Research in Personality},
	pages = {339--346},
	volume = {40},
	number = {3},
	doi = {10.1016/j.jrp.2004.10.003},
	url = {http://dx.doi.org/10.1016/j.jrp.2004.10.003},
	langid = {en}
}

@article{chamorro-premuzic2003,
	title = {Personality predicts academic performance: Evidence from two longitudinal university samples},
	author = {Chamorro-Premuzic, Tomas and Furnham, Adrian},
	year = {2003},
	month = {08},
	date = {2003-08},
	journal = {Journal of Research in Personality},
	pages = {319--338},
	volume = {37},
	number = {4},
	doi = {10.1016/s0092-6566(02)00578-0},
	url = {http://dx.doi.org/10.1016/s0092-6566(02)00578-0},
	langid = {en}
}

@article{west2016,
	title = {Promise and Paradox},
	author = {West, Martin R. and Kraft, Matthew A. and Finn, Amy S. and Martin, Rebecca E. and Duckworth, Angela L. and Gabrieli, Christopher F. O. and Gabrieli, John D. E.},
	year = {2016},
	month = {03},
	date = {2016-03},
	journal = {Educational Evaluation and Policy Analysis},
	pages = {148--170},
	volume = {38},
	number = {1},
	doi = {10.3102/0162373715597298},
	url = {http://dx.doi.org/10.3102/0162373715597298},
	langid = {en}
}

@article{rosander2014,
	title = {Personality traits measured at baseline can predict academic performance in upper secondary school three years late},
	author = {Rosander, Pia and {Bäckström}, Martin},
	year = {2014},
	month = {09},
	date = {2014-09-26},
	journal = {Scandinavian Journal of Psychology},
	pages = {611--618},
	volume = {55},
	number = {6},
	doi = {10.1111/sjop.12165},
	url = {http://dx.doi.org/10.1111/sjop.12165},
	langid = {en}
}

@article{richardson2012,
	title = {Psychological correlates of university students' academic performance: A systematic review and meta-analysis.},
	author = {Richardson, Michelle and Abraham, Charles and Bond, Rod},
	year = {2012},
	date = {2012},
	journal = {Psychological Bulletin},
	pages = {353--387},
	volume = {138},
	number = {2},
	doi = {10.1037/a0026838},
	url = {http://dx.doi.org/10.1037/a0026838},
	langid = {en}
}

@article{edwards2022,
	title = {First-in-their-family students at university: Can non-cognitive skills compensate for social origin?},
	author = {Edwards, Rebecca and Gibson, Rachael and Harmon, Colm and Schurer, Stefanie},
	year = {2022},
	month = {12},
	date = {2022-12},
	journal = {Economics of Education Review},
	pages = {102318},
	volume = {91},
	doi = {10.1016/j.econedurev.2022.102318},
	url = {http://dx.doi.org/10.1016/j.econedurev.2022.102318},
	langid = {en}
}

@article{komarraju2011,
	title = {The Big Five personality traits, learning styles, and academic achievement},
	author = {Komarraju, Meera and Karau, Steven J. and Schmeck, Ronald R. and Avdic, Alen},
	year = {2011},
	month = {09},
	date = {2011-09},
	journal = {Personality and Individual Differences},
	pages = {472--477},
	volume = {51},
	number = {4},
	doi = {10.1016/j.paid.2011.04.019},
	url = {http://dx.doi.org/10.1016/j.paid.2011.04.019},
	langid = {en}
}

@article{lubbers2010,
	title = {Does homework behavior mediate the relation between personality and academic performance?},
	author = {Lubbers, Miranda J. and Van Der Werf, Margaretha P.C. and Kuyper, Hans and Hendriks, A.A. Jolijn},
	year = {2010},
	month = {06},
	date = {2010-06},
	journal = {Learning and Individual Differences},
	pages = {203--208},
	volume = {20},
	number = {3},
	doi = {10.1016/j.lindif.2010.01.005},
	url = {http://dx.doi.org/10.1016/j.lindif.2010.01.005},
	langid = {en}
}

@article{l.2008,
	title = {The economics and psychology of personality traits},
	author = {L., Borghans and A.L., Duckworth and J., Heckman and B.J., ter Weel},
	year = {2008},
	date = {2008},
	doi = {10.26481/umaror.2008001},
	url = {http://dx.doi.org/10.26481/umaror.2008001}
}

@article{borghans2008,
	title = {The Economics and Psychology of Personality Traits},
	author = {Borghans, Lex and Duckworth, Angela Lee and Heckman, James J. and Weel, Bas ter},
	year = {2008},
	date = {2008},
	journal = {Journal of Human Resources},
	pages = {972--1059},
	volume = {43},
	number = {4},
	doi = {10.3368/jhr.43.4.972},
	url = {http://dx.doi.org/10.3368/jhr.43.4.972},
	langid = {en}
}

@article{poropat2014,
	title = {Other-rated personality and academic performance: Evidence and implications},
	author = {Poropat, Arthur E.},
	year = {2014},
	month = {08},
	date = {2014-08},
	journal = {Learning and Individual Differences},
	pages = {24--32},
	volume = {34},
	doi = {10.1016/j.lindif.2014.05.013},
	url = {http://dx.doi.org/10.1016/j.lindif.2014.05.013},
	langid = {en}
}

@article{heaven2012,
	title = {When IQ is not everything: Intelligence, personality and academic performance at school},
	author = {Heaven, Patrick C.L. and Ciarrochi, Joseph},
	year = {2012},
	month = {09},
	date = {2012-09},
	journal = {Personality and Individual Differences},
	pages = {518--522},
	volume = {53},
	number = {4},
	doi = {10.1016/j.paid.2012.04.024},
	url = {http://dx.doi.org/10.1016/j.paid.2012.04.024},
	langid = {en}
}

@article{Attanasio2020,
  title={Inequality in socio-emotional skills: A cross-cohort comparison},
  author={Attanasio, Orazio and Blundell, Richard and Conti, Gabriella and Mason, Giacomo},
  journal={Journal of Public Economics},
  volume={191},
  pages={104171},
  year={2020}
}

@article{Elkins2020,
  title={Exploring the role of parental engagement in non-cognitive skill development over the lifecourse},
  author={Elkins, Rebecca and Schurer, Stefanie},
  journal={Journal of Population Economics},
  volume={33},
  number={3},
  pages={957-1004},
  year={2020}
}

@article{Heckman2014,
  title={The economics of human development and social mobility},
  author={Heckman, James J and Mosso, Stefano},
  journal={Annual Review of Economics},
  volume={6},
  number={1},
  pages={689-733},
  year={2014}
}

@techreport{fletcher2016,
	title = {The Importance of Family Income in the Formation and Evolution of Non-Cognitive Skills in Childhood},
	author = {Fletcher, Jason and Wolfe, Barbara},
	year = {2016},
	month = {04},
	date = {2016-04},
	doi = {10.3386/w22168},
	url = {http://dx.doi.org/10.3386/w22168}
}

@article{avanesian2022,
	title = {Can We Improve Learning Outcomes of Schoolchildren from the Poorest Families by Investing into Their Non-Cognitive Skills? Causal Analysis Using Propensity Score Matching},
	author = {Avanesian, Garen and Borovskaya, Marina and Ryzhova, Victoria and Kirik, Vladimir and Egorova, Valeria and Bermous, Alexander},
	year = {2022},
	month = {03},
	date = {2022-03-17},
	journal = {Voprosy Obrazovaniya / Educational Studies Moscow},
	pages = {13--53},
	number = {1},
	doi = {10.17323/1814-9545-2022-1-13-53},
	url = {http://dx.doi.org/10.17323/1814-9545-2022-1-13-53}
}

@article{orel2018,
	title = {Developmental Patterns of Cognitive and Non-Cognitive Skills of Russian First-Graders},
	author = {Orel, Ekaterina and Brun, Irina and Kardanova, Elena and Antipkina, Inna},
	year = {2018},
	month = {09},
	date = {2018-09-25},
	journal = {International Journal of Early Childhood},
	pages = {297--314},
	volume = {50},
	number = {3},
	doi = {10.1007/s13158-018-0226-8},
	url = {http://dx.doi.org/10.1007/s13158-018-0226-8},
	langid = {en}
}

@article{shanahan2014,
	title = {Personality and the Reproduction of Social Class},
	author = {Shanahan, M. J. and Bauldry, S. and Roberts, B. W. and Macmillan, R. and Russo, R.},
	year = {2014},
	month = {05},
	date = {2014-05-08},
	journal = {Social Forces},
	pages = {209--240},
	volume = {93},
	number = {1},
	doi = {10.1093/sf/sou050},
	url = {http://dx.doi.org/10.1093/sf/sou050},
	langid = {en}
}

@article{marks2016,
	title = {The relative effects of socio-economic, demographic, non-cognitive and cognitive influences on student achievement in Australia},
	author = {Marks, Gary N.},
	year = {2016},
	month = {07},
	date = {2016-07},
	journal = {Learning and Individual Differences},
	pages = {1--10},
	volume = {49},
	doi = {10.1016/j.lindif.2016.05.012},
	url = {http://dx.doi.org/10.1016/j.lindif.2016.05.012},
	langid = {en}
}

@article{feng2022,
	title = {Comparing the reliability and predictive power of child, teacher, and guardian reports of noncognitive skills},
	author = {Feng, Shuaizhang and Han, Yujie and Heckman, James J. and Kautz, Tim},
	year = {2022},
	month = {02},
	date = {2022-02-07},
	journal = {Proceedings of the National Academy of Sciences},
	volume = {119},
	number = {6},
	doi = {10.1073/pnas.2113992119},
	url = {http://dx.doi.org/10.1073/pnas.2113992119},
	langid = {en}
}

@article{noftle2007a,
	title = {Personality predictors of academic outcomes: Big five correlates of GPA and SAT scores.},
	author = {Noftle, Erik E. and Robins, Richard W.},
	year = {2007},
	date = {2007},
	journal = {Journal of Personality and Social Psychology},
	pages = {116--130},
	volume = {93},
	number = {1},
	doi = {10.1037/0022-3514.93.1.116},
	url = {http://dx.doi.org/10.1037/0022-3514.93.1.116},
	langid = {en}
}

@article{morris2021,
	title = {Consistency of noncognitive skills and their relation to educational outcomes in a UK cohort},
	author = {Morris, Tim T. and Davey Smith, George and van den Berg, Gerard and Davies, Neil M.},
	year = {2021},
	month = {11},
	date = {2021-11-05},
	journal = {Translational Psychiatry},
	volume = {11},
	number = {1},
	doi = {10.1038/s41398-021-01661-8},
	url = {http://dx.doi.org/10.1038/s41398-021-01661-8},
	langid = {en}
}

@article{smrtnikvitulic2012,
	title = {Robust and specific personality traits as predictors of adolescents{\textquoteright} final grades and GPA at the end of compulsory schooling},
	author = {{Smrtnik Vituli{\'{c}}}, Helena and {Zupan{\v{c}}i{\v{c}}}, Maja},
	year = {2012},
	month = {10},
	date = {2012-10-25},
	journal = {European Journal of Psychology of Education},
	pages = {1181--1199},
	volume = {28},
	number = {4},
	doi = {10.1007/s10212-012-0161-2},
	url = {http://dx.doi.org/10.1007/s10212-012-0161-2},
	langid = {en}
}

@article{korthals2021,
	title = {Track placement and the development of cognitive and non-cognitive skills},
	author = {Korthals, Roxanne and Schils, Trudie and Borghans, Lex},
	year = {2021},
	month = {12},
	date = {2021-12-01},
	journal = {Education Economics},
	pages = {540--559},
	volume = {30},
	number = {5},
	doi = {10.1080/09645292.2021.2010277},
	url = {http://dx.doi.org/10.1080/09645292.2021.2010277},
	langid = {en}
}

@article{lee2018,
	title = {Non-cognitive predictors of academic achievement: Evidence from TIMSS and PISA},
	author = {Lee, Jihyun and Stankov, Lazar},
	year = {2018},
	month = {07},
	date = {2018-07},
	journal = {Learning and Individual Differences},
	pages = {50--64},
	volume = {65},
	doi = {10.1016/j.lindif.2018.05.009},
	url = {http://dx.doi.org/10.1016/j.lindif.2018.05.009},
	langid = {en}
}

@article{dumfart2016,
	title = {Conscientiousness Is the Most Powerful Noncognitive Predictor of 					School Achievement in Adolescents},
	author = {Dumfart, Barbara and Neubauer, Aljoscha C.},
	year = {2016},
	month = {01},
	date = {2016-01},
	journal = {Journal of Individual Differences},
	pages = {8--15},
	volume = {37},
	number = {1},
	doi = {10.1027/1614-0001/a000182},
	url = {http://dx.doi.org/10.1027/1614-0001/a000182},
	langid = {en}
}

@article{Apostolov2022,
	title = {The role of neuroticism and conscientious facets in academic motivation},
	author = {Apostolov, Nikolas and Geldenhuys, Madelyn},
	year = {2022},
	month = {07},
	date = {2022-07-14},
	journal = {Brain and Behavior},
	volume = {12},
	number = {8},
	doi = {10.1002/brb3.2673},
	url = {http://dx.doi.org/10.1002/brb3.2673},
	langid = {en}
}

@article{mendez2017,
	title = {The intergenerational transmission of noncognitive skills and their effect on education and employment outcomes},
	author = {Mendez, Ildefonso and Zamarro, Gema},
	year = {2017},
	month = {08},
	date = {2017-08-19},
	journal = {Journal of Population Economics},
	pages = {521--560},
	volume = {31},
	number = {2},
	doi = {10.1007/s00148-017-0661-0},
	url = {http://dx.doi.org/10.1007/s00148-017-0661-0},
	langid = {en}
}

@article{mccrae1997,
	title = {Personality trait structure as a human universal.},
	author = {McCrae, Robert R. and Costa, Paul T.},
	year = {1997},
	month = {05},
	date = {1997-05},
	journal = {American Psychologist},
	pages = {509--516},
	volume = {52},
	number = {5},
	doi = {10.1037/0003-066x.52.5.509},
	url = {http://dx.doi.org/10.1037/0003-066x.52.5.509},
	langid = {en}
}

@article{brunello2011,
	title = {Non-Cognitive Skills and Personality Traits: Labour Market Relevance and Their Development in Education & Training Systems},
	author = {Brunello, Giorgio and Schlotter, Martin},
	year = {2011},
	date = {2011},
	journal = {SSRN Electronic Journal},
	doi = {10.2139/ssrn.1858066},
	url = {http://dx.doi.org/10.2139/ssrn.1858066},
	langid = {en}
}

@book{Jackson2013,
	title = {Determined to Succeed?},
	editor = {Jackson, Michelle},
	year = {2013},
	month = {02},
	date = {2013-02-20},
	publisher = {Stanford University Press},
	doi = {10.11126/stanford/9780804783026.001.0001},
	url = {http://dx.doi.org/10.11126/stanford/9780804783026.001.0001}
}

@book{oecd2021a,
	title = {Beyond Academic Learning: First Results from the Survey of Social and Emotional Skills},
	author = {OECD},
	year = {2021},
	month = {09},
	date = {2021-09-07},
	publisher = {OECD},
	doi = {10.1787/92a11084-en},
	url = {http://dx.doi.org/10.1787/92a11084-en}
}

@techreport{oecd2021b,
	title = {OECD Survey on Social and Emotional Skills Technical Report},
	author = {OECD},
	year = {2021},
	publisher = {OECD},
	url = {https://www.oecd.org/education/ceri/social-emotional-skills-study/sses-technical-report.pdf}
}

@techreport{Dahmann2018,
  title={Cross-fertilizing gains or crowding out? Schooling intensity and noncognitive skills},
  author={Dahmann, Sarah C and Anger, Silke},
  year={2018},
  institution={No. 2018-065}
}


@techreport{Nye2013,
  title={Big five personality traits and academic performance in Russian universities},
  author={Nye, John V C and Orel, Ekaterina and Kochergina, Evgeniya},
  journal={Higher School of Economics Research Paper No. WP BRP},
  volume={10},
  year={2013}
}

@article{savelyev2019,
	title = {Socioemotional Skills, Education, and Health-Related Outcomes of High-Ability Individuals},
	author = {Savelyev, Peter A. and Tan, Kegon T. K.},
	year = {2019},
	month = {04},
	date = {2019-04},
	journal = {American Journal of Health Economics},
	pages = {250--280},
	volume = {5},
	number = {2},
	doi = {10.1162/ajhe_a_00116},
	url = {http://dx.doi.org/10.1162/ajhe_a_00116},
	langid = {en}
}

@article{mishkevich2021,
	title = {Relationship between Personal Characteristics and the Academic Performance of High School Students},
	author = {Mishkevich, A.M.},
	year = {2021},
	date = {2021},
	journal = {Psychological-Educational Studies},
	pages = {101--116},
	volume = {13},
	number = {1},
	doi = {10.17759/psyedu.2021130107},
	url = {http://dx.doi.org/10.17759/psyedu.2021130107}
}
